
@MANUAL{ PMSM-Kinetis,
  AUTHOR = {Freescale Semiconductor Inc.},
  TITLE  = {PMSM Vector Control with Quadrature Encoder on Kinetis},
  YEAR   = {2012},
  URL    = {http://cache.freescale.com/files/microcontrollers/doc/ref_manual/DRM128.pdf},
  URLDATE= {2015-06-22},
}

@MISC{ Meciar,
  AUTHOR = {Radek Mečiar},
  TITLE  = {Řízení motorů s deskou Raspberry Pi a Linuxem},
  YEAR   = {2014},
  URL    = {http://support.dce.felk.cvut.cz/mediawiki/images/1/10/Bp_2014_meciar_radek\|.pdf},
  URLDATE= {2015-04-20},
}

@MISC{ Meloun,
  AUTHOR = {Martin Meloun},
  TITLE  = {FPGA Based Robotic Motion Control System},
  YEAR   = {2014},
  URL    = {https://dspace.cvut.cz/bitstream/handle/10467/23347/F3-DP-2014-Meloun-\|Martin-prace.pdf?sequence=3},
  URLDATE= {2015-04-20},
}

@MANUAL{ Libero_ug,
  AUTHOR = {Microsemi Corporation},
  TITLE  = {Libero SoC v11.5 User's Guide},
  YEAR   = {2015},
  URL    = {http://www.microsemi.com/document-portal/doc_download/130850-libero-soc\|-v11-5-user-s-guide},
  URLDATE= {2015-04-20},
  }

@MANUAL{ AGL125,
  AUTHOR = {Microsemi Corporation},
  TITLE  = {IGLOO Low Power Flash FPGAs Datasheet},
  YEAR   = {2014},
  URL    = {http://www.microsemi.com/document-portal/doc_download/130694-igloo-low\|-power-flash-fpgas-datasheet},
  URLDATE= {2015-04-20},
}

@MANUAL{ rt-wiki,
  AUTHOR = {Theodore Ts'o and Darren Hart and John Kacur},
  TITLE  = {Real-Time Linux Wiki },
  URL    = {https://rt.wiki.kernel.org/index.php/Main_Page},
  URLDATE= {2015-04-20},
}

@MANUAL{ ARM11,
  AUTHOR = {ARM Holdings plc},
  TITLE  = {ARM1176JZF-S Technical Reference Manual},
  YEAR   = {2009},
  URL    = {http://infocenter.arm.com/help/topic/com.arm.doc.ddi0301h/DDI0301H_arm1176\|jzfs_r0p7_trm.pdf},
  URLDATE= {2015-04-23},
}

@MISC{ RPi_comp,
  AUTHOR = {Jive},
  TITLE  = {Raspberry Pi Model A+, A, B+, B, Compute
Module Dev Kit Comparison Chart},
  YEAR   = {2014},
  URL    = {http://misapuntesde.com/res/Rpi%20Model%20Comparison.pdf},
  URLDATE= {2015-04-23},
}

@MANUAL{ CA_VFP,
  AUTHOR = {ARM Holdings plc},
  TITLE  = {Cortex-A7 Floating-Point Unit},
  YEAR   = {2012},
  URL    = {http://infocenter.arm.com/help/topic/com.arm.doc.ddi0463d/DDI0463D_cortex_\|a7_fpu_r0p3_trm.pdf},
  URLDATE= {2015-04-23},
}

@BOOK{ ESD,
  AUTHOR = {Forbes, T. Brown},
  TITLE  = {Engineering System Dynamics},
  YEAR   = {1987},
  PUBLISHER = { Taylor and Francis },
  YEAR = { 2007 },
  KEYWORDS = { Bond graph },
  ISBN = {0-8493-9648-4},
  EDITION = {Edition 2},
}

@MISC{ ijetae,
  AUTHOR = {Chen, Pehong},
  TITLE  = {Performance Comparison of Permanent Magnet Synchronous Motor and Induction Motor for Cooling Tower Application},
  YEAR   = {2012},
  URL    = {http://ijetae.com/files/Volume2Issue8/IJETAE_0812_27.pdf},
   URLDATE= {2015-04-24},
}

@MANUAL{ PMSMC,
  AUTHOR = {Freescale Semiconductor Inc.},
  TITLE  = {Permanent Magnet Synchronous Motor Control},
  YEAR   = {2012},
  URL    = {http://cache.freescale.com/files/industrial/doc/brochure/BBPRMMAGSYNART.pdf},
  URLDATE= {2015-04-24},
}

@MANUAL{ ti_pmsm,
  AUTHOR = {Erwan Simon and Texas Instruments Inc. },
  TITLE  = {Implementation of a Speed Field Oriented Control of 3-phase PMSM Motor using TMS320F240},
  YEAR = {1999},
  URL    = {http://www.ti.com/lit/an/spra588/spra588.pdf},  
  URLDATE= {2014-04-25},
}

@MANUAL{ sensorless,
  AUTHOR = {Freescale Semiconductor Inc.},
  TITLE  = {Sensorless PMSM Field-Oriented Control},
  YEAR   = {2014},
  URL    = {http://cache.freescale.com/files/microcontrollers/doc/ref_manual/DRM148.pdf},
  URLDATE= {2014-04-25},
}

@MANUAL{ preemption,
  AUTHOR = {Paul E. McKenney},
  TITLE  = {A realtime preemption overview},
  YEAR   = {2005},
  URL    = {http://lwn.net/Articles/146861/},
  URLDATE= {2014-04-29},
}

@MISC{ rychlost_odezvy,
  AUTHOR = {Píša, Pavel},
  TITLE  = {GNU/Linux, rychlost odezvy a výuka řízení},
  YEAR   = {2015},
  }

@MISC{ xilinx_fpga,
  AUTHOR = {Xilinx, Inc.},
  TITLE  = {What is a FPGA?},
  URL    = {http://www.xilinx.com/fpga/},
  URLDATE= {2014-04-29},
}

@MISC{ fpga_proc,
  AUTHOR = {Ayeh E. and Agbedanu, K and Morita, Y. and Adamo, O. and Guturu, P.},
  TITLE  = {FPGA Implementation of an 8-bit Simple Processor},
  URL    = {http://ee.unt.edu/public/adamo/2910_spring_2009/eric.pdf},
  URLDATE= {2014-04-29},
}

@MISC{ bart_dis,
  TITLE  = {Implementation Methods of LD-RLS with Directional Forgetting for Embedded Systems on a Chip},
  AUTHOR = {Bartosiňski Roman Ing. Ph.D},
  URL     = {http://support.dce.felk.cvut.cz/mediawiki/images/e/e9/Diz_2011_bartosinski\|_roman.pdf},
  URLDATE= {2014-04-29},
}

@MANUAL{ spidev_sum,
  TITLE  = {Overview of Linux kernel SPI support},
  AUTHOR = {Mark Brownand David Brownell and Russell King and Grant Likely and Dmitry Pervushin and Stephen Street and Mark Underwood and Andrew Victor and Linus Walleij and Vitaly Wool},
  URL    = {https://www.kernel.org/doc/Documentation/spi/spi-summary},
  URLDATE= {2015-5-2},
  KEY    = {spidev, spi, linux, driver},
}

@MANUAL{ ioctl_man,
	TITLE = { Linux Programmer's Manual IOCTL(2) },
    YEAR = { 2015 },
    URLDATE= {2015-5-2},
   	URL = {http://man7.org/linux/man-pages/man2/ioctl.2.html},
}

@MANUAL{ adc_man,
  AUTHOR =    {Texas Instruments Inc.},
  TITLE =     {12-Bit, 4-Channel Serial Output Sampling ANALOG-TO-DIGITAL CONVERTER},
  YEAR =      {2008},
  URLDATE= {2015-5-2},
  URL = {http://www.ti.com/lit/ds/symlink/ads7841.pdf},
}

@MISC{ navara,
  AUTHOR = {Navara, Mirko},
  TITLE  = {Pravděpodobnost a matematická statistika},
  YEAR   = {2014},
  URL    = {http://cmp.felk.cvut.cz/~navara/psi/PMS_print.pdf},
  URLDATE= {2015-05-7},
}

@MISC{ opmac,
  AUTHOR = {Olšák, Petr},
  TITLE  = {{OPmac}},
  YEAR   = {2012},
  URL    = {http://petr.olsak.net/opmac.html},
  URLDATE= {2012-12-13},
}


@MISC{ vlna,
  TITLE  = {Program vlna},
  AUTHOR = {Olšák, Petr},
  URL    = {ftp://math.feld.cvut.cz/olsak/vlna/},
}


